
@online{stations,
  author        = {Various},
  title         = {List of Radio Stations in Australia},
  year          = {2017},
  url           = {https://en.wikipedia.org/wiki/List\_of\_radio\_stations\_in\_Australia}
}

@online{carson,
  author        = {Unknown},
  title         = {Carsons Bandwidth Rule},
  year          = {1996},
  url           = {https://www.its.bldrdoc.gov/fs-1037/dir-006/_0867.htm}
}
@online{lti,
  author        = {Mike Brookes},
  title         = {Linear and Time Invariant Systems},
  year          = {2016},
  url           = {http://www.ee.ic.ac.uk/hp/staff/dmb/courses/DSPDF/00400_Systems.pdf}
}

@online{impres,
  author        = {Erik Cheever},
  title         = {Introduction: Relationship Between Unit Step and Unit Impulse},
  year          = {2015},
  url           = {http://lpsa.swarthmore.edu/Transient/TransInputs/TransImpulse.html}
}

@online{conv,
  author        = {Mike Brookes},
  title         = {Fourier Transforms: Convolution and Parsevalâ€™s Theorem},
  year          = {2014},
  url           = {http://www.ee.ic.ac.uk/hp/staff/dmb/courses/E1Fourier/00700_TransformParseval.pdf}
}

@online{hilbert,
  author        = {Lauritz W. Dieckman},
  title         = {Bandpass filters and Hilbert Transform},
  year          = {2014},
  url           = {http://jallen.faculty.arizona.edu/sites/jallen.faculty.arizona.edu/files/Chapter_14_Hilbert_Filter.pdf}
}

@online{stereo,
  author        = {Jim Lesurf},
  title         = {Stereo FM Radio},
  year          = {2016},
  url           = {https://www.st-andrews.ac.uk/~www_pa/Scots_Guide/RadCom/part21/page1.html}
}

@online{stereomux,
  author        = {Unknown},
  title         = {Stereo Multiplexing for Dummies},
  year          = {2000},
  url           = {http://transmitters.tripod.com/stereo.htm}
}

@online{johncarson,
  author        = {John R. Carson},
  title         = {NOTES ON THE THEORY OF MODULATION},
  year          = {1922},
  url           = {https://www.dis.uniroma1.it/sites/default/files/allegati_notizie/Testo3_Carson_Notes-on-the-Theory-of-Modulation_1922.pdf}
}

@online{digdivspec,
  author        = {Various},
  title         = {Digital dividend spectrum},
  year          = {2017},
  url           = {https://www.communications.gov.au/what-we-do/spectrum/digital-dividend-spectrum}
}

@online{dab,
  author        = {Various},
  title         = {Digital Audio Broadcasting},
  year          = {2017},
  url           = {http://www.fab.gov.pk/article/dab-dvb.html}
}

@online{fmrx,
  author        = {Doug DeMaw},
  title         = {Understanding FM Receivers},
  year          = {1985},
  url           = {http://www.arrl.org/files/file/Technology/tis/info/pdf/8506025.pdf}
}

@online{capture1,
  author        = {K. Leentvaar, J. Flint},
  title         = {The Capture Effect in FM Receivers},
  year          = {1976},
  url           = {http://ieeexplore.ieee.org/document/1093327/}
}

@online{capture2,
  author        = {ELIE J. BAGHDADY},
  title         = {INTERFERENCE REJECTION IN FM RECEIVERS},
  year          = {1956},
  url           = {https://pdfs.semanticscholar.org/8e1d/d6c11258f937015c81c058c8aa8599bd1bde.pdf}
}

@online{capture3,
  author        = {ROBERT J. McLAUGHLIN},
  title         = {FM WEAKER-SIGNAL SUPPRESSION WITH NARROW-BAND LIMITERS},
  year          = {1960},
  url           = {https://dspace.mit.edu/bitstream/handle/1721.1/4460/rle-tr-361-04740804.pdf}
}

@online{capture4,
  author        = {Park Soon Sang},
  title         = {ON CAPTURE EFFECT OF FM DEMODULATORS},
  year          = {1989},
  url           = {http://www.dtic.mil/dtic/tr/fulltext/u2/a208479.pdf}
}

@online{capture5,
  author        = {IGNACE BRUYLAND},
  title         = {The Influence of Finite Bandwidth on the Capture Effect in FM Demodulators},
  year          = {1978},
  url           = {http://ieeexplore.ieee.org/stamp/stamp.jsp}
}

@online{auction,
  author        = {ACMA},
  title         = {Auction summary: 700 MHz 'Digital Dividend'},
  year          = {2017},
  url           = {https://www.acma.gov.au/Industry/Spectrum/Spectrum-projects/700-MHz-band/auction-summary-700-mhz-digital-dividend-2013}
}

@online{lpon,
  author        = {ACMA},
  title         = {Low power open narrowcasting (LPON)},
  year          = {2017},
  url           = {https://www.acma.gov.au/Industry/Spectrum/Radiocomms-licensing/Apparatus-licences/low-power-open-narrowcasting-services-acquire-a-licence-acma}
}

@online{allocchart,
  author        = {ACMA},
  title         = {Australian radio-frequency spectrum allocations chart},
  year          = {2017},
  url           = {https://www.acma.gov.au/~/media/Spectrum%20Transformation%20and%20Government/Publication/pdf/spectrum_chart2013%20pdf.pdf}
}

@online{restack,
  author        = {ACMA},
  title         = {Restack of digital TV services},
  year          = {2017},
  url           = {https://www.acma.gov.au/Industry/Broadcast/Spectrum-for-broadcasting/Spectrum-digital-television/restack-of-digital-tv-services-spectrum-for-broadcasters-acma}
}

@online{regs,
  author        = {ACMA},
  title         = {Digital radio regulatory and licensing framework},
  year          = {2017},
  url           = {https://www.acma.gov.au/Industry/Broadcast/Spectrum-for-broadcasting/Spectrum-digital-radio/digital-radio-licensing}
}

@online{handbook,
  author        = {ACMA},
  title         = {TV Radio Handbook},
  year          = {2017},
  url           = {https://www.acma.gov.au/~/media/Licence%20Issue%20and%20Allocation/Publication/pdf/TVRadio_Handbook_geninfo%20pdf.pdf}
}

@online{rthk,
  author        = {RTHK},
  title         = {Advantages of DAB},
  year          = {2017},
  url           = {http://rthk9.rthk.hk/about/dab/advantages_e.htm}
}

@online{digoveranal,
  author        = {Chris Moore},
  title         = {The Advantages of Digital TV Over Analog},
  year          = {2017},
  url           = {https://www.techwalla.com/articles/the-advantages-of-digital-tv-over-analog}
}

@online{multiplexing,
  author		= {RF Wireless World},
  title			= {LDM vs TDM vs FDM | Difference between LDM, TDM, FDM},
  year			= {2012},
  url			= {http://www.rfwireless-world.com/Terminology/LDM-vs-TDM-vs-FDM.html}
}